@article{SQ,
	title={ “SQUEEZENET”},
	author={Forrest N. Iandola1 - Song Han2 - Matthew W. Moskewicz1 - Khalid Ashraf1 - William J. Dally2 - Kurt Keutzer1},
	journal={-},
	year={2016}
}
